@book{Truemper98,
	author = {Klaus Truemper},
	title = "{Matroid decomposition}",
	year = {1998},
	edition = {Revised}
}

@article{Truemper90V,
  author    = {Klaus Truemper},
  title     = "{A decomposition theory for matroids. V. Testing of matrix total unimodularity}",
  journal   = {J. Comb. Theory, Ser. B},
  volume    = {49},
  number    = {2},
  year      = {1990},
  pages     = {241-281},
  ee        = {http://dx.doi.org/10.1016/0095-8956(90)90030-4},
  bibsource = {DBLP, http://dblp.uni-trier.de}
}

@ARTICLE{Seymour80,
	author = {P D Seymour},
	title = "{Decomposition of regular matroids}",
	journal = {J. Combin. Theory Ser. B},
	year = {1980},
	number = {28},
	pages = {305--359}
}

@article{GhouilaHouri62,
	author = {A Ghouila-Houri},
	year = {1962},
	title = "{Caract{\'e}risation des matrices totalement unimodulaires. Comptes Rendus Hebdomadaires des S{\'e}ances de l' Academie des Sciences}"
}

@book{Schrijver98,
	author = {Alexander Schrijver},
	howpublished = {Paperback},
	isbn = {0471982326},
	keywords = {book, integer-linear-programming, linear-programming, math},
	month = {June},
	posted-at = {2005-09-17 20:27:03},
	priority = {2},
	publisher = {{John Wiley \& Sons}},
	title = {Theory of Linear and Integer Programming},
	year = {1998}
}

@incollection{Polymake,
  author =       {Ewgenij Gawrilow and Michael Joswig},
  title =        {polymake: a Framework for Analyzing Convex Polytopes},
  pages =        {43-74},
  editor =       {Gil Kalai and G\"unter M. Ziegler},
  booktitle =    {Polytopes --- Combinatorics and Computation},
  publisher =    {Birkh\"auser},
  url = {http://wwwopt.mathematik.tu-darmstadt.de/polymake/},
  year =         {2000}
}

@misc{Boost,
  author = "{Boost C++ Libraries}",
  title = "{Boost C++ Libraries}",
  url = {http://www.boost.org/},
  abstract = "{Boost provides free peer-reviewed portable C++ source libraries. Boost libraries are intended to be widely useful, and usable across a broad spectrum of applications.}"
}
